<record xmlns="http://www.loc.gov/MARC21/slim" xmlns:xsi="http://www.w3.org/2001/XMLSchema-instance" xsi:schemaLocation="http://www.loc.gov/MARC21/slim http://www.loc.gov/standards/marcxml/schema/MARC21slim.xsd"><leader>01419nam a2200301   4500</leader><controlfield tag="001">001679743</controlfield><controlfield tag="003">NNU</controlfield><controlfield tag="006">m        d        </controlfield><controlfield tag="007">cr cn |||m|||a</controlfield><controlfield tag="008">140707s1964    iq      o     000 0 arard</controlfield><datafield ind1=" " ind2=" " tag="040"><subfield code="a">NNU</subfield><subfield code="b">eng</subfield><subfield code="c">NNU</subfield></datafield><datafield ind1="0" ind2=" " tag="050"><subfield code="a">PJ6151</subfield><subfield code="b">.H3 1964</subfield></datafield><datafield ind1="0" ind2=" " tag="100"><subfield code="a">&#7716;ar&#299;r&#299;,</subfield><subfield code="d">1054-1122.</subfield></datafield><datafield ind1="1" ind2="0" tag="245"><subfield code="a">Durrat al-ghaww&#257;&#7779; f&#299; awh&#257;m al-khaw&#257;&#7779;&#7779;</subfield><subfield code="h">[electronic resource] /</subfield><subfield code="c">ta&#700;l&#299;f Ab&#299; Mu&#7717;ammad al-Q&#257;sim ibn &#699;Al&#299; al-&#7716;ar&#299;r&#299; ; [edited by Heinrich Thorbecke].</subfield></datafield><datafield ind1=" " ind2=" " tag="260"><subfield code="a">Baghd&#257;d :</subfield><subfield code="b">Maktabat al-Muthann&#225;,</subfield><subfield code="c">[1964?]</subfield></datafield><datafield ind1=" " ind2=" " tag="300"><subfield code="a">online resource (228, 52 p.)</subfield></datafield><datafield ind1=" " ind2=" " tag="500"><subfield code="a">Title on added t. p.: al-Har&#238;r&#238;'s Durrat-al-&#289;aww&#226;&#7779;.</subfield></datafield><datafield ind1=" " ind2=" " tag="500"><subfield code="a">Photo-offset of the ed. published in Leipzig, 1871.</subfield></datafield><datafield ind1=" " ind2=" " tag="500"><subfield code="a">Part of the Arabic Collections Online (ACO) project, contributed by New York Univeristy Libraries.</subfield></datafield><datafield ind1=" " ind2=" " tag="533"><subfield code="a">Electronic reproduction.</subfield><subfield code="b">New York, N.Y. :</subfield><subfield code="c">New York University,</subfield><subfield code="d">2014.</subfield><subfield code="5">NNU</subfield></datafield><datafield ind1=" " ind2="0" tag="650"><subfield code="a">Arabic language</subfield><subfield code="x">Syntax</subfield><subfield code="v">Early works to 1800.</subfield></datafield><datafield ind1="1" ind2=" " tag="700"><subfield code="a">Thorbecke, Heinrich,</subfield><subfield code="d">1837-1890.</subfield></datafield><datafield ind1="2" ind2=" " tag="710"><subfield code="a">New York University.</subfield><subfield code="b">Libraries.</subfield></datafield><datafield ind1="0" ind2=" " tag="730"><subfield code="a">Arabic Collections Online.</subfield></datafield><datafield ind1="0" ind2=" " tag="740"><subfield code="a">Har&#238;r&#238;'s Durrat-al-&#289;aww&#226;&#7779;.</subfield></datafield><datafield ind1="0" ind2="8" tag="776"><subfield code="i">Print version:</subfield><subfield code="a">&#7716;ar&#299;r&#299;, 1054-1122.</subfield><subfield code="t">Durrat al-ghaww&#257;&#7779; f&#299; awh&#257;m al-khaw&#257;&#7779;&#7779;</subfield><subfield code="w">(NNU)001679743</subfield><subfield code="w">(DLC)ne 67001705</subfield></datafield><datafield ind1="4" ind2="0" tag="856"><subfield code="u">http://hdl.handle.net/2333.1/d2547g26</subfield></datafield><datafield ind1=" " ind2=" " tag="959"><subfield code="a">NNU</subfield><subfield code="b">WEB</subfield><subfield code="c">GENI</subfield><subfield code="t">0</subfield><subfield code="m">Electronic access</subfield><subfield code="s">01</subfield></datafield></record>